
% TCCs de graduação, Dissertações, Teses, Livros, Literatura Técnica, Sites e outros.

@misc{ehlers2007analise,
  title        = "Análise de Séries Temporais",
  author       = {EHLERS, Ricardo Sandes},
  howpublished = "Disponível em: \url{http://www.each.usp.br/rvicente/AnaliseDeSeriesTemporais.pdf}",
  year         = "2005",
  address      = "Departamento de Estatística, UFPR",
  note         = "Accesso em: 23 out. 2022"
}

@book{morettin2018analise,
  title        = {Análise de Séries Temporais: Modelos Lineares Univariados},
  author       = {Morettin, Pedro A and Toloi, Clélia M C},
  year         = {2018},
  publisher    = {Editora Blucher}
}

@misc{cetesb-poluicao-veicular,
  title        = "Plano de Controle de Poluição Veicular 2020 – 2022",
  author       = {CETESB},
  howpublished = "Disponível em: \url{https://cetesb.sp.gov.br/veicular/wp-content/uploads/sites/6/2021/01/PCPV-Plano-de-Controle-de-Poluicao-Veicular-do-Estado-de-Sao-Paulo-2020-2022.pdf}",
  year         = "2021",
  note         = "Accesso em: 08 out. 2022"
}

@misc{cetesb-padroes,
  title        = "Padrões de Qualidade do Ar",
  author       = {CETESB},
  howpublished = "Disponível em: \url{https://cetesb.sp.gov.br/ar/padroes-de-qualidade-do-ar/}",
  year         = "2022",
  note         = "Accesso em: 18 out. 2022"
}

@misc{cetesb-qualar,
  title        = "Sistema de Informações de Qualidade do Ar",
  author       = {QUALAR},
  howpublished = "Disponível em: \url{https://qualar.cetesb.sp.gov.br/qualar/home.do}",
  year         = "2022",
  note         = "Accesso em: 25 out. 2022"
}

@misc{inmet,
  title        = "Instituto Nacional de Meteorologia",
  author       = {INMET},
  howpublished = "Disponível em: \url{https://bdmep.inmet.gov.br/}",
  year         = "2022",
  note         = "Accesso em: 12 out. 2022"
}

@misc{iag-usp,
  title        = "Estação Meteorológica do Instituto de Astronomia, Geofísica e Ciências Atmosféricas da Universidade de São Paulo",
  author       = {IAG-USP},
  howpublished = "Disponível em: \url{http://estacao.iag.usp.br/sol_dados.php}",
  year         = "2022",
  note         = "Accesso em: 12 set. 2022"
}

@misc{statsmodels,
  title        = "",
  author       = {STATSMODELS},
  howpublished = "Disponível em: \url{https://www.statsmodels.org/stable/index.html}",
  year         = "2022",
  note         = "Accesso em: 24 set. 2022"
}

@misc{pmdarima,
  title        = "",
  author       = {PMDARIMA},
  howpublished = "Disponível em: \url{http://alkaline-ml.com/pmdarima/}",
  year         = "2022",
  note         = "Accesso em: 24 set. 2022"
}

@phdthesis{inversao-termica,
  author  = "Brum, Débora Ruiz",
  title   = "Estudo da Composição Química do Material Particulado Fino (MP$_{2,5}$) em Porto Alegre e Belo Horizonte",
  school  = "Universidade de São Paulo",
  address = "São Paulo, SP",
  year    = "2010",
  month   = "ago."
}

@misc{github-agss,
  title        = "Concentração de ozônio troposférico na cidade de São Paulo: condicionantes antrópicas e meteorológicas - Código Fonte",
  author       = {Serrano, Antonio Guerreiro Silva},
  howpublished = "Disponível em: \url{https://github.com/antoniogss/air_quality}",
  year         = "2022",
  note         = "Accesso em: 24 set. 2022"
}


@mastersthesis{sazonalidade,
  author  = {Parmezan, Antonio Rafael Sabino},
  title   = "Predição de Séries Temporais por Similaridade",
  school  = "Universidade de São Paulo",
  year    = "2016",
  address = "São Carlos, SP",
  month   = "set."
}

