% Artigos 

@article{annotation_01,
  doi = {10.1525/elementa.2020.034},
  url = {https://doi.org/10.1525/elementa.2020.034},
  year = {2020},
  publisher = {University of California Press},
  volume = {8},
  number = {1},
  author = {A. T. Archibald and J. L. Neu and Y. F. Elshorbany and O. R. Cooper and P. J. Young and H. Akiyoshi and R. A. Cox and M. Coyle and R. G. Derwent and M. Deushi and A. Finco and G. J. Frost and I. E. Galbally and G. Gerosa and C. Granier and P. T. Griffiths and R. Hossaini and L. Hu and P. J\"{o}ckel and B. Josse and M. Y. Lin and M. Mertens and O. Morgenstern and M. Naja and V. Naik and S. Oltmans and D. A. Plummer and L. E. Revell and A. Saiz-Lopez and P. Saxena and Y. M. Shin and I. Shahid and D. Shallcross and S. Tilmes and T. Trickl and T. J. Wallington and T. Wang and H. M. Worden and G. Zeng},
  title = {Tropospheric Ozone Assessment Report},
  journal = {Elementa: Science of the Anthropocene}
}

@article{annotation_02,
  doi = {10.1007/s40726-019-00118-3},
  url = {https://doi.org/10.1007/s40726-019-00118-3},
  year = {2019},
  month = jul,
  publisher = {Springer Science and Business Media {LLC}},
  volume = {5},
  number = {4},
  pages = {238--260},
  author = {Xiao Lu and Lin Zhang and Lu Shen},
  title = {Meteorology and Climate Influences on Tropospheric Ozone: a Review of Natural Sources,  Chemistry,  and Transport Patterns},
  journal = {Current Pollution Reports}
}

@article{annotation_03,
  doi = {10.1289/ehp.11463},
  url = {https://doi.org/10.1289/ehp.11463},
  year = {2008},
  month = nov,
  publisher = {Environmental Health Perspectives},
  volume = {116},
  number = {11},
  pages = {1449--1455},
  author = {Kristie L. Ebi and Glenn McGregor},
  title = {Climate Change,  Tropospheric Ozone and Particulate Matter,  and Health Impacts},
  journal = {Environmental Health Perspectives}
}

@article{annotation_04,
  doi = {10.1007/s40011-012-0032-2},
  url = {https://doi.org/10.1007/s40011-012-0032-2},
  year = {2012},
  month = may,
  publisher = {Springer Science and Business Media {LLC}},
  volume = {82},
  number = {2},
  pages = {241--257},
  author = {Richa Rai and Madhoolika Agrawal},
  title = {Impact of Tropospheric Ozone on Crop Plants},
  journal = {Proceedings of the National Academy of Sciences,  India Section B: Biological Sciences}
}

@article{annotation_05,
  doi = {10.1016/j.tibs.2021.06.007},
  url = {https://doi.org/10.1016/j.tibs.2021.06.007},
  year = {2021},
  month = dec,
  publisher = {Elsevier {BV}},
  volume = {46},
  number = {12},
  pages = {992--1002},
  author = {Jessica M. Wedow and Elizabeth A. Ainsworth and Shuai Li},
  title = {Plant biochemistry influences tropospheric ozone formation,  destruction,  deposition,  and response},
  journal = {Trends in Biochemical Sciences}
}

@article{annotation_06,
  doi = {10.1146/annurev-arplant-042110-103829},
  url = {https://doi.org/10.1146/annurev-arplant-042110-103829},
  year = {2012},
  month = jun,
  publisher = {Annual Reviews},
  volume = {63},
  number = {1},
  pages = {637--661},
  author = {Elizabeth A. Ainsworth and Craig R. Yendrek and Stephen Sitch and William J. Collins and Lisa D. Emberson},
  title = {The Effects of Tropospheric Ozone on Net Primary Productivity and Implications for Climate Change},
  journal = {Annual Review of Plant Biology}
}

@article{annotation_07,
  doi = {10.1146/annurev-arplant-042110-103829},
  url = {https://doi.org/10.1146/annurev-arplant-042110-103829},
  year = {2012},
  month = jun,
  publisher = {Annual Reviews},
  volume = {63},
  number = {1},
  pages = {637--661},
  author = {Elizabeth A. Ainsworth and Craig R. Yendrek and Stephen Sitch and William J. Collins and Lisa D. Emberson},
  title = {The Effects of Tropospheric Ozone on Net Primary Productivity and Implications for Climate Change},
  journal = {Annual Review of Plant Biology}
}

@article{annotation_08,
  doi = {10.1016/j.atmosenv.2004.03.030},
  url = {https://doi.org/10.1016/j.atmosenv.2004.03.030},
  year = {2004},
  month = jul,
  publisher = {Elsevier {BV}},
  volume = {38},
  number = {21},
  pages = {3431--3442},
  author = {R VINGARZAN},
  title = {A review of surface ozone background levels and trends},
  journal = {Atmospheric Environment}
}

@article{annotation_09,
  doi = {10.1007/s11270-010-0438-5},
  url = {https://doi.org/10.1007/s11270-010-0438-5},
  year = {2010},
  month = may,
  publisher = {Springer Science and Business Media {LLC}},
  volume = {214},
  number = {1-4},
  pages = {13--36},
  author = {Nelson Y. O. Tong and Dennis Y. C. Leung and Chun-Ho Liu},
  title = {A Review on Ozone Evolution and Its Relationship with Boundary Layer Characteristics in Urban Environments},
  journal = {Water,  Air,  {\&}amp$\mathsemicolon$ Soil Pollution}
}

